<?xml version="1.0" encoding="UTF-8"?><collection xmlns="http://www.loc.gov/MARC21/slim"><record><leader>00371nam--2200133-i-4500</leader><controlfield tag="001">000030818</controlfield><controlfield tag="002">20161230</controlfield><controlfield tag="005">20161230201038</controlfield><controlfield tag="008">060222s1000------------r-----000-0-eng-d</controlfield><datafield ind1=" " ind2=" " tag="080"><subfield code="a">621.01</subfield></datafield><datafield ind1=" " ind2=" " tag="100"><subfield code="a">Manolescu, N.I</subfield></datafield><datafield ind1=" " ind2=" " tag="245"><subfield code="a">Culegere de probleme din teoria mecanismelor si a masinilor</subfield></datafield><datafield ind1=" " ind2=" " tag="260"><subfield code="a">Bucuresti, Editura Didactica Si Pedagogica, 1968, 790p</subfield></datafield><datafield ind1=" " ind2=" " tag="852"><subfield code="a">9354</subfield></datafield></record></collection>